<?xml version="1.0" encoding="UTF-8" ?>
<collection xmlns:xsi="http://www.w3.org/2001/XMLSchema-instance" xsi:schemaLocation="http://www.loc.gov/MARC21/slim http://www.loc.gov/standards/marcxml/schema/MARC21slim.xsd" xmlns="http://www.loc.gov/MARC21/slim">
   <record>
      <leader>     cam a22      i 4500</leader>
      <controlfield tag="001">3750414</controlfield>
      <controlfield tag="003">COO</controlfield>
      <controlfield tag="005">20140802203256.0</controlfield>
      <controlfield tag="008">850321s1955    sy fh    b    001 0dara  </controlfield>
      <datafield tag="010" ind1=" " ind2=" ">
         <subfield code="a">   75972780 /NE </subfield>
      </datafield>
      <datafield tag="035" ind1=" " ind2=" ">
         <subfield code="a">(NIC)notisASW8662</subfield>
      </datafield>
      <datafield tag="035" ind1=" " ind2=" ">
         <subfield code="a">(OCoLC)11831066</subfield>
      </datafield>
      <datafield tag="035" ind1=" " ind2=" ">
         <subfield code="a">3750414</subfield>
      </datafield>
      <datafield tag="040" ind1=" " ind2=" ">
         <subfield code="a">DLC</subfield>
         <subfield code="c">IXA</subfield>
         <subfield code="d">IXA</subfield>
         <subfield code="d">NIC</subfield>
      </datafield>
      <datafield tag="050" ind1=" " ind2=" ">
         <subfield code="a">DS99.D3</subfield>
         <subfield code="b">S23</subfield>
      </datafield>
      <datafield tag="100" ind1="1" ind2=" ">
         <subfield code="a">Ṣafadī, Khalīl ibn Aybak,</subfield>
         <subfield code="d">approximately 1297-1363.</subfield>
      </datafield>
      <datafield tag="245" ind1="1" ind2="0">
         <subfield code="a">Umarāʼ Dimashq fī al-Islām :</subfield>
         <subfield code="b">wa-huwa yataḍamman dhikr man waliyá imra Dimashq fī al-Islām aw dakhalahā min al-khulafāʼ murattabīn ʻalá ḥurūf al-muʻjam, wa-urjūzat &quot;Tuḥfat dhawī al-albāb fī man ḥakima bi-Dimashq min al-khulafāʼ wa-al-mulūk wa-al-nuwwāb&quot; /</subfield>
         <subfield code="c">taʼlīf Ṣalāḥ al-Dīn al-Ṣafadī ; taḥqīq Ṣalāḥ al-Dīn al-Munajjid.</subfield>
      </datafield>
      <datafield tag="260" ind1=" " ind2=" ">
         <subfield code="a">Dimashq :</subfield>
         <subfield code="b">[s.n.],</subfield>
         <subfield code="c">1955.</subfield>
      </datafield>
      <datafield tag="300" ind1=" " ind2=" ">
         <subfield code="a">15, 221 p., [3] leaves of plates :</subfield>
         <subfield code="b">facsims. ;</subfield>
         <subfield code="c">25 cm.</subfield>
      </datafield>
      <datafield tag="490" ind1="1" ind2=" ">
         <subfield code="a">Maṭbūʻāt al-Majmaʻ al-ʻIlmī al-ʻArabī bi-Dimashq</subfield>
      </datafield>
      <datafield tag="504" ind1=" " ind2=" ">
         <subfield code="a">Includes bibliographical references and index.</subfield>
      </datafield>
      <datafield tag="651" ind1=" " ind2="0">
         <subfield code="a">Damascus (Syria)</subfield>
         <subfield code="x">Officials and employees</subfield>
         <subfield code="v">Biography.</subfield>
      </datafield>
      <datafield tag="651" ind1=" " ind2="0">
         <subfield code="a">Syria</subfield>
         <subfield code="x">Kings and rulers.</subfield>
      </datafield>
      <datafield tag="700" ind1="1" ind2=" ">
         <subfield code="a">Munajjid, Ṣalāḥ al-Dīn.</subfield>
      </datafield>
      <datafield tag="830" ind1=" " ind2="0">
         <subfield code="a">Maṭbūʻāt al-Majmaʻ al-ʻIlmī al-ʻArabī bi-Dimashq.</subfield>
      </datafield>
      <datafield tag="905" ind1=" " ind2=" ">
         <subfield code="a">20000210120000.0</subfield>
      </datafield>
      <datafield tag="948" ind1="2" ind2=" ">
         <subfield code="a">20121023</subfield>
         <subfield code="b">m</subfield>
         <subfield code="d">batch</subfield>
         <subfield code="e">lts</subfield>
         <subfield code="x">remove999</subfield>
      </datafield>
      <datafield tag="950" ind1=" " ind2=" ">
         <subfield code="l">OLIN</subfield>
         <subfield code="x">9999</subfield>
         <subfield code="a">DS94.97.A2</subfield>
         <subfield code="b">S12 1955</subfield>
      </datafield>
      <datafield tag="903" ind1=" " ind2=" ">
         <subfield code="a">NYUACO</subfield>
         <subfield code="d">20141028</subfield>
         <subfield code="p">31924028520579</subfield>
      </datafield>
      <datafield tag="950" ind1=" " ind2=" ">
         <subfield code="a">DS94.97.A2</subfield>
         <subfield code="b">S12 1955</subfield>
         <subfield code="v"> </subfield>
      </datafield>
   </record>
</collection>
